@misc{latex,
  author = {LaTeX},
  title  = {A Document Preparation System},
  note   = {(consult√© le 21 avril 2017)}
}
